@article{yu2011new,
    title={The new frontier of smart grids},
    author={Yu, Xinghuo and Cecati, Carlo and Dillon, Tharam and Simoes, M Godoy},
    journal={IEEE Industrial Electronics Magazine},
    volume={5},
    number={3},
    pages={49-63},
    year={2011},
    publisher={IEEE}
}

@inbook{ali2013smart,
    author={Hossain, Md Rahat and Oo, Amanullah M. T. and Ali, A. B. M. Shawkat},
    address={London},
    booktitle={Smart grids: opportunities, developments, and trends},
    chapter={2},
    edition={1},
    pages={23-44},
    publisher={Springer},
    title={Smart Grid},
    year={2013}
}

@techreport{cgee,
    title={{Redes elétricas inteligentes: contexto nacional}},
    year={2012},
    address={Brasília},
    pages={172},
    org-short={CGEE},
    organization={Centro de Gest{\~a}o e Estudos Estrat{\'e}gicos}
}
